@article{dqn,
    title={Playing atari with deep reinforcement learning},
    author={Mnih, Volodymyr and Kavukcuoglu, Koray and Silver, David and
            Graves, Alex and Antonoglou, Ioannis and Wierstra, Daan and
            Riedmiller, Martin},
    journal={arXiv preprint arXiv:1312.5602},
    year={2013}
}

@article{replay,
    title={Prioritized experience replay},
    author={Schaul, Tom and Quan, John and Antonoglou, Ioannis and Silver,
            David},
    journal={arXiv preprint arXiv:1511.05952},
    year={2015}
}

@book{sutton,
  title={Reinforcement learning: An introduction},
  author={Sutton, Richard S and Barto, Andrew G},
  year={2018},
  publisher={MIT press}
}

@inproceedings{adaptive,
  title={Adaptive step-size for online temporal difference learning},
  author={Dabney, William and Barto, Andrew G},
  booktitle={Twenty-Sixth AAAI Conference on Artificial Intelligence},
  year={2012}
}

@inproceedings{dueling,
  title={Dueling network architectures for deep reinforcement learning},
  author={Wang, Ziyu and Schaul, Tom and Hessel, Matteo and Hasselt, Hado and Lanctot, Marc and Freitas, Nando},
  booktitle={International conference on machine learning},
  pages={1995--2003},
  year={2016}
}

@inproceedings{ddqn,
  title={Deep reinforcement learning with double q-learning},
  author={Van Hasselt, Hado and Guez, Arthur and Silver, David},
  booktitle={Thirtieth AAAI conference on artificial intelligence},
  year={2016}
}